@Misc{agileload,
key = {Agileload},
howpublished = "\url{http://www.agileload.com/}",
title = {Agileload},
}

@Misc{ahd,
key = {Nastel},
howpublished = "\url{http://www.nastel.com/products/free-software/autopilot-heap-detective-detect-java-memory-leaks.html}",
title = {Autopilot Heap Detective},
}

@Misc{links,
key = {Elsop},
howpublished = "\url{http://www.elsop.com/}",
title = "LinkScan",
}

@Misc{w3,
key = {W3},
howpublished = "\url{http://www.w3.org/Style/CSS/}",
title = {W3},
}

@Misc{totval,
key = {Total Validator},
howpublished = "\url{http://totalvalidator.com/}",
title = {Total Validator},
}

@Misc{skipfish,
key = "SkipFish",
howpublished = "\url{http://totalvalidator.com/}",
title = "SkipFish",
}

@Misc{mobitest,
key = {MobiTest},
howpublished = "\url{http://mobitest.akamai.com/m/index.cgi}",
title = "MobiTest",
}

@Misc{softqa,
key = {SoftwareQATest.com},
howpublished = "\url{http://www.softwareqatest.com/qatweb1.html}",
title = "SoftwareQATest.com",
}

